% This file was created with JabRef 2.10.
% Encoding: UTF-8


@String { CUP  = {Cambridge University Press} }
@String { JHEP = {J. High Energy Phys.} }

@article{Abbott:2016blz,
      author         = "Abbott, B. P. and others",
      title          = "{Observation of Gravitational Waves from a Binary Black
                        Hole Merger}",
      collaboration  = "Virgo, LIGO Scientific",
      journal        = "Phys. Rev. Lett.",
      volume         = "116",
      year           = "2016",
      number         = "6",
      pages          = "061102",
      doi            = "10.1103/PhysRevLett.116.061102",
      eprint         = "1602.03837",
      archivePrefix  = "arXiv",
      primaryClass   = "gr-qc",
      reportNumber   = "LIGO-P150914",
      SLACcitation   = "%%CITATION = ARXIV:1602.03837;%%"
}

@article{Lovelock:1971yv,
      author         = "Lovelock, D.",
      title          = "{The Einstein tensor and its generalizations}",
      journal        = "J. Math. Phys.",
      volume         = "12",
      year           = "1971",
      pages          = "498-501",
      doi            = "10.1063/1.1665613",
      SLACcitation   = "%%CITATION = JMAPA,12,498;%%"
}

@article{Kaluza:1921tu,
      author         = "Kaluza, Theodor",
      title          = "{On the Problem of Unity in Physics}",
      booktitle      = "{International School of Cosmology and Gravitation: 8th
                        Course: Unified Field Theories of More than Four
                        Dimensions, Including Exact Solutions Erice, Italy, May
                        20-June 1, 1982}",
      journal        = "Sitzungsber. Preuss. Akad. Wiss. Berlin (Math. Phys.)",
      volume         = "1921",
      year           = "1921",
      pages          = "966-972",
      SLACcitation   = "%%CITATION = SPWPA,1921,966;%%"
}

@article{Klein:1926tv,
      author         = "Klein, Oskar",
      title          = "{Quantum Theory and Five-Dimensional Theory of
                        Relativity. (In German and English)}",
      booktitle      = "{International School of Cosmology and Gravitation: 8th
                        Course: Unified Field Theories of More than Four
                        Dimensions, Including Exact Solutions Erice, Italy, May
                        20-June 1, 1982}",
      journal        = "Z. Phys.",
      volume         = "37",
      year           = "1926",
      pages          = "895-906",
      doi            = "10.1007/BF01397481",
      note           = "[Surveys High Energ. Phys.5,241(1986)]",
      SLACcitation   = "%%CITATION = ZEPYA,37,895;%%"
}

@article{MuellerHoissen:1985mm,
      author         = "Mueller-Hoissen, Folkert",
      title          = "{Spontaneous Compactification With Quadratic and Cubic
                        Curvature Terms}",
      journal        = "Phys. Lett.",
      volume         = "B163",
      year           = "1985",
      pages          = "106-110",
      doi            = "10.1016/0370-2693(85)90202-3",
      reportNumber   = "MPI-PAE-PTH-45-85",
      SLACcitation   = "%%CITATION = PHLTA,B163,106;%%"
}

@article{MuellerHoissen:1989yv,
      author         = "Mueller-Hoissen, Folkert",
      title          = "{Gravity Actions, Boundary Terms and Second Order Field
                        Equations}",
      journal        = "Nucl. Phys.",
      volume         = "B337",
      year           = "1990",
      pages          = "709-736",
      doi            = "10.1016/0550-3213(90)90513-D",
      reportNumber   = "GOET-TP-55-89",
      SLACcitation   = "%%CITATION = NUPHA,B337,709;%%"
}

@article{MuellerHoissen:1985ij,
      author         = "Mueller-Hoissen, Folkert",
      title          = "{Dimensionally Continued Euler Forms, {Kaluza-Klein}
                        Cosmology and Dimensional Reduction}",
      journal        = "Class. Quant. Grav.",
      volume         = "3",
      year           = "1986",
      pages          = "665",
      doi            = "10.1088/0264-9381/3/4/020",
      reportNumber   = "MPI-PAE/PTh 62/85",
      SLACcitation   = "%%CITATION = CQGRD,3,665;%%"
}

@article{Toloza:2013wi,
      author         = "Toloza, Adolfo and Zanelli, Jorge",
      title          = "{Cosmology with scalarâ€“Euler form coupling}",
      journal        = "Class. Quant. Grav.",
      volume         = "30",
      year           = "2013",
      pages          = "135003",
      doi            = "10.1088/0264-9381/30/13/135003",
      eprint         = "1301.0821",
      archivePrefix  = "arXiv",
      primaryClass   = "gr-qc",
      SLACcitation   = "%%CITATION = ARXIV:1301.0821;%%"
}

@article{Canfora:2007ux,
      author         = "Canfora, F. and Giacomini, A. and Willison, S.",
      title          = "{Some exact solutions with torsion in 5-D
                        Einstein-Gauss-Bonnet gravity}",
      journal        = "Phys. Rev.",
      volume         = "D76",
      year           = "2007",
      pages          = "044021",
      doi            = "10.1103/PhysRevD.76.044021",
      eprint         = "0706.2891",
      archivePrefix  = "arXiv",
      primaryClass   = "gr-qc",
      reportNumber   = "CECS-PHY-07-11",
      SLACcitation   = "%%CITATION = ARXIV:0706.2891;%%"
}

@article{Mardones:1990qc,
      author         = "Mardones, Alejandro and Zanelli, Jorge",
      title          = "{Lovelock-Cartan theory of gravity}",
      journal        = "Class. Quant. Grav.",
      volume         = "8",
      year           = "1991",
      pages          = "1545-1558",
      doi            = "10.1088/0264-9381/8/8/018",
      reportNumber   = "PUPT-1213",
      SLACcitation   = "%%CITATION = CQGRD,8,1545;%%"
}

@inproceedings{Zanelli:2005sa,
      author         = "Zanelli, Jorge",
      title          = "{Lecture notes on Chern-Simons (super-)gravities. Second
                        edition (February 2008)}",
      booktitle      = "{Proceedings, 7th Mexican Workshop on Particles and
                        Fields (MWPF 1999): Merida, Mexico, November 10-17, 1999}",
      year           = "2005",
      eprint         = "hep-th/0502193",
      archivePrefix  = "arXiv",
      primaryClass   = "hep-th",
      SLACcitation   = "%%CITATION = HEP-TH/0502193;%%"
}

@article{Troncoso:1999pk,
      author         = "Troncoso, Ricardo and Zanelli, Jorge",
      title          = "{Higher dimensional gravity, propagating torsion and AdS
                        gauge invariance}",
      journal        = "Class. Quant. Grav.",
      volume         = "17",
      year           = "2000",
      pages          = "4451-4466",
      doi            = "10.1088/0264-9381/17/21/307",
      eprint         = "hep-th/9907109",
      archivePrefix  = "arXiv",
      primaryClass   = "hep-th",
      reportNumber   = "CECS-PH-99-06",
      SLACcitation   = "%%CITATION = HEP-TH/9907109;%%"
}

@inproceedings{Deruelle:1986iv,
      author         = "Deruelle, N. and Madore, J.",
      title          = "{KALUZA-KLEIN COSMOLOGY WITH THE LOVELOCK LAGRANGIAN}",
      booktitle      = "{27th Liege International Astrophysical Colloquium on
                        Origin and Ea Early History of the Universe Liege,
                        Belgium, July 1-4, 1986}",
      year           = "1986",
      pages          = "277-284",
      SLACcitation   = "%%CITATION = INSPIRE-243125;%%"
}

@inproceedings{Deruelle:2003ck,
      author         = "Deruelle, Nathalie and Madore, John",
      title          = "{On the quasilinearity of the Einstein-'Gauss-Bonnet'
                        gravity field equations}",
      year           = "2003",
      eprint         = "gr-qc/0305004",
      archivePrefix  = "arXiv",
      primaryClass   = "gr-qc",
      SLACcitation   = "%%CITATION = GR-QC/0305004;%%"
}

@article{Kleidis:1997mu,
      author         = "Kleidis, K. and Papadopoulos, D. B.",
      title          = "{Cosmological solutions in Kaluza-Klein theories of
                        quadratic Lagrangians}",
      journal        = "J. Math. Phys.",
      volume         = "38",
      year           = "1997",
      pages          = "3189-3208",
      doi            = "10.1063/1.532199",
      SLACcitation   = "%%CITATION = JMAPA,38,3189;%%"
}

@article{Henriques:1986jw,
      author         = "Henriques, A. B.",
      title          = "{Higher Dimensional Cosmological Solutions With
                        Generalized Einstein Equations}",
      journal        = "Nucl. Phys.",
      volume         = "B277",
      year           = "1986",
      pages          = "621-633",
      doi            = "10.1016/0550-3213(86)90460-8",
      reportNumber   = "CFMC-E-4/86",
      SLACcitation   = "%%CITATION = NUPHA,B277,621;%%"
}

@article{Ishihara:1986if,
      author         = "Ishihara, Hideki",
      title          = "{Cosmological Solutions of the Extended Einstein Gravity
                        With the {Gauss-Bonnet} Term}",
      journal        = "Phys. Lett.",
      volume         = "B179",
      year           = "1986",
      pages          = "217-222",
      doi            = "10.1016/0370-2693(86)90569-1",
      reportNumber   = "DPNU-86-14",
      SLACcitation   = "%%CITATION = PHLTA,B179,217;%%"
}

@article{Aros:2007nn,
      author         = "Aros, Rodrigo and Romo, Mauricio and Zamorano, Nelson",
      title          = "{Compactification in first order gravity}",
      journal        = "J. Phys. Conf. Ser.",
      volume         = "134",
      year           = "2008",
      pages          = "012013",
      doi            = "10.1088/1742-6596/134/1/012013",
      eprint         = "0705.1162",
      archivePrefix  = "arXiv",
      primaryClass   = "hep-th",
      SLACcitation   = "%%CITATION = ARXIV:0705.1162;%%"
}

@article{Zwiebach:1985uq,
      author         = "Zwiebach, Barton",
      title          = "{Curvature Squared Terms and String Theories}",
      journal        = "Phys. Lett.",
      volume         = "B156",
      year           = "1985",
      pages          = "315-317",
      doi            = "10.1016/0370-2693(85)91616-8",
      reportNumber   = "UCB-PTH-85/10",
      SLACcitation   = "%%CITATION = PHLTA,B156,315;%%"
}

@article{Sofue:2000jx,
      author         = "Sofue, Yoshiaki and Rubin, Vera",
      title          = "{Rotation curves of spiral galaxies}",
      journal        = "Ann. Rev. Astron. Astrophys.",
      volume         = "39",
      year           = "2001",
      pages          = "137-174",
      doi            = "10.1146/annurev.astro.39.1.137",
      eprint         = "astro-ph/0010594",
      archivePrefix  = "arXiv",
      primaryClass   = "astro-ph",
      reportNumber   = "U-TOKYO-ASTRO-PREPRINT-2000-09",
      SLACcitation   = "%%CITATION = ASTRO-PH/0010594;%%"
}

@article{Riess:1998cb,
      author         = "Riess, Adam G. and others",
      title          = "{Observational evidence from supernovae for an
                        accelerating universe and a cosmological constant}",
      collaboration  = "Supernova Search Team",
      journal        = "Astron. J.",
      volume         = "116",
      year           = "1998",
      pages          = "1009-1038",
      doi            = "10.1086/300499",
      eprint         = "astro-ph/9805201",
      archivePrefix  = "arXiv",
      primaryClass   = "astro-ph",
      SLACcitation   = "%%CITATION = ASTRO-PH/9805201;%%"
}

@article{Kibble:1961ba,
      author         = "Kibble, T. W. B.",
      title          = "{Lorentz invariance and the gravitational field}",
      journal        = "J. Math. Phys.",
      volume         = "2",
      year           = "1961",
      pages          = "212-221",
      doi            = "10.1063/1.1703702",
      SLACcitation   = "%%CITATION = JMAPA,2,212;%%"
}

@article{Hehl:1976kj,
      author         = "Hehl, F. W. and Von Der Heyde, P. and Kerlick, G. D. and
                        Nester, J. M.",
      title          = "{General Relativity with Spin and Torsion: Foundations
                        and Prospects}",
      journal        = "Rev. Mod. Phys.",
      volume         = "48",
      year           = "1976",
      pages          = "393-416",
      doi            = "10.1103/RevModPhys.48.393",
      SLACcitation   = "%%CITATION = RMPHA,48,393;%%"
}

@article{Kalinowski:1980da,
      author         = "Kalinowski, M. W.",
      title          = "{Gauge Fields With Torsion. Part 1.}",
      journal        = "Int. J. Theor. Phys.",
      volume         = "20",
      year           = "1981",
      pages          = "563",
      doi            = "10.1007/BF00671373",
      reportNumber   = "IFT/2/80-WARSAW PT.2, IFT/2/80-WARSAW PT.1",
      SLACcitation   = "%%CITATION = IJTPB,20,563;%%"
}

@article{German:1985tj,
      author         = "German, G.",
      title          = "{ON KALUZA-KLEIN THEORY WITH TORSION}",
      journal        = "Class. Quant. Grav.",
      volume         = "2",
      year           = "1985",
      pages          = "455-460",
      doi            = "10.1088/0264-9381/2/4/011",
      SLACcitation   = "%%CITATION = CQGRD,2,455;%%"
}

@article{Shankar:2012vd,
      author         = "Shankar, Karthik H. and Balaraman, Anand and Wali,
                        Kameshwar C.",
      title          = "{A Metric theory of gravity with torsion in
                        extra-dimension}",
      journal        = "Phys. Rev.",
      volume         = "D86",
      year           = "2012",
      pages          = "024007",
      doi            = "10.1103/PhysRevD.86.024007",
      eprint         = "1203.5552",
      archivePrefix  = "arXiv",
      primaryClass   = "gr-qc",
      SLACcitation   = "%%CITATION = ARXIV:1203.5552;%%"
}

@article{Chen:2009ep,
      author         = "Chen, Songbai and Jing, Jiliang",
      title          = "{The torsion cosmology in Kaluza-Klein theory}",
      journal        = "JCAP",
      volume         = "0909",
      year           = "2009",
      pages          = "001",
      doi            = "10.1088/1475-7516/2009/09/001",
      eprint         = "0905.0302",
      archivePrefix  = "arXiv",
      primaryClass   = "gr-qc",
      SLACcitation   = "%%CITATION = ARXIV:0905.0302;%%"
}

@article{Shie:2008ms,
      author         = "Shie, Kun-Feng and Nester, James M. and Yo, Hwei-Jang",
      title          = "{Torsion Cosmology and the Accelerating Universe}",
      journal        = "Phys. Rev.",
      volume         = "D78",
      year           = "2008",
      pages          = "023522",
      doi            = "10.1103/PhysRevD.78.023522",
      eprint         = "0805.3834",
      archivePrefix  = "arXiv",
      primaryClass   = "gr-qc",
      SLACcitation   = "%%CITATION = ARXIV:0805.3834;%%"
}

@article{Carroll:1994dq,
      author         = "Carroll, Sean M. and Field, George B.",
      title          = "{Consequences of propagating torsion in connection
                        dynamic theories of gravity}",
      journal        = "Phys. Rev.",
      volume         = "D50",
      year           = "1994",
      pages          = "3867-3873",
      doi            = "10.1103/PhysRevD.50.3867",
      eprint         = "gr-qc/9403058",
      archivePrefix  = "arXiv",
      primaryClass   = "gr-qc",
      reportNumber   = "MIT-CTP-2291",
      SLACcitation   = "%%CITATION = GR-QC/9403058;%%"
}

@article{Deruelle:1989fj,
      author         = "Deruelle, Nathalie and Farina-Busto, Luis",
      title          = "{The Lovelock Gravitational Field Equations in
                        Cosmology}",
      journal        = "Phys. Rev.",
      volume         = "D41",
      year           = "1990",
      pages          = "3696",
      doi            = "10.1103/PhysRevD.41.3696",
      reportNumber   = "CERN-TH-5303-89",
      SLACcitation   = "%%CITATION = PHRVA,D41,3696;%%"
}

@article{German:1993bq,
      author         = "German, G. and Macias, A. and Obregon, O.",
      title          = "{Kaluza-Klein approach in higher dimensional theories of
                        gravity with torsion}",
      journal        = "Class. Quant. Grav.",
      volume         = "10",
      year           = "1993",
      pages          = "1045-1053",
      doi            = "10.1088/0264-9381/10/5/021",
      SLACcitation   = "%%CITATION = CQGRD,10,1045;%%"
}

@article{Dotti:2006cp,
      author         = "Dotti, Gustavo and Oliva, Julio and Troncoso, Ricardo",
      title          = "{Static wormhole solution for higher-dimensional gravity
                        in vacuum}",
      journal        = "Phys. Rev.",
      volume         = "D75",
      year           = "2007",
      pages          = "024002",
      doi            = "10.1103/PhysRevD.75.024002",
      eprint         = "hep-th/0607062",
      archivePrefix  = "arXiv",
      primaryClass   = "hep-th",
      reportNumber   = "CECS-PHY-06-19",
      SLACcitation   = "%%CITATION = HEP-TH/0607062;%%"
}

@article{Dotti:2007az,
      author         = "Dotti, Gustavo and Oliva, Julio and Troncoso, Ricardo",
      title          = "{Exact solutions for the Einstein-Gauss-Bonnet theory in
                        five dimensions: Black holes, wormholes and spacetime
                        horns}",
      journal        = "Phys. Rev.",
      volume         = "D76",
      year           = "2007",
      pages          = "064038",
      doi            = "10.1103/PhysRevD.76.064038",
      eprint         = "0706.1830",
      archivePrefix  = "arXiv",
      primaryClass   = "hep-th",
      reportNumber   = "CECS-PHY-07-09",
      SLACcitation   = "%%CITATION = ARXIV:0706.1830;%%"
}

@article{Canfora:2008ka,
      author         = "Canfora, Fabrizio and Giacomini, Alex",
      title          = "{Vacuum static compactified wormholes in
                        eight-dimensional Lovelock theory}",
      journal        = "Phys. Rev.",
      volume         = "D78",
      year           = "2008",
      pages          = "084034",
      doi            = "10.1103/PhysRevD.78.084034",
      eprint         = "0808.1597",
      archivePrefix  = "arXiv",
      primaryClass   = "hep-th",
      SLACcitation   = "%%CITATION = ARXIV:0808.1597;%%"
}

@article{Mehdizadeh:2015jra,
      author         = "Mehdizadeh, Mohammad Reza and Zangeneh, Mahdi Kord and
                        Lobo, Francisco S. N.",
      title          = "{Einstein-Gauss-Bonnet traversable wormholes satisfying
                        the weak energy condition}",
      journal        = "Phys. Rev.",
      volume         = "D91",
      year           = "2015",
      number         = "8",
      pages          = "084004",
      doi            = "10.1103/PhysRevD.91.084004",
      eprint         = "1501.04773",
      archivePrefix  = "arXiv",
      primaryClass   = "gr-qc",
      SLACcitation   = "%%CITATION = ARXIV:1501.04773;%%"
}

@article{Mehdizadeh:2015dta,
      author         = "Mehdizadeh, Mohammad Reza and Zangeneh, Mahdi Kord and
                        Lobo, Francisco S. N.",
      title          = "{Higher-dimensional thin-shell wormholes in third-order
                        Lovelock gravity}",
      journal        = "Phys. Rev.",
      volume         = "D92",
      year           = "2015",
      number         = "4",
      pages          = "044022",
      doi            = "10.1103/PhysRevD.92.044022",
      eprint         = "1506.03427",
      archivePrefix  = "arXiv",
      primaryClass   = "gr-qc",
      SLACcitation   = "%%CITATION = ARXIV:1506.03427;%%"
}

@book{Blagojevic:2002du,
      author         = "Blagojevic, M.",
      title          = "{Gravitation and gauge symmetries}",
      journal        = "Bristol, UK: IOP (2002) 522 p",
      year           = "2002",
      SLACcitation   = "%%CITATION = INSPIRE-593015;%%"
}